

@article{beckel2014revealing,
  title={Revealing household characteristics from smart meter data},
  author={Beckel, Christian and Sadamori, Leyna and Staake, Thorsten and Santini, Silvia},
  journal={Energy},
  volume={78},
  pages={397--410},
  year={2014},
  publisher={Elsevier}
}
@comment{Trifft nicht 100%, klassifiziert Merkmale wie Anzahl Bewohner eines Hauses etc. 
		Interessante Sachen zu Featureauswahl (S.14) und mindestens eine interessante Referenz zu einem Datamining Framework(S.30).
		Verweis auf irische Studie mit 30-min Smart-Meter-Daten(S.3)}



@inproceedings{bao2011user,
  title={User behavior prediction for energy management in smart homes},
  author={Bao, Kaibin and Allerding, Florian and Schmeck, Hartmut},
  booktitle={Fuzzy Systems and Knowledge Discovery (FSKD), 2011 Eighth International Conference on},
  volume={2},
  pages={1335--1339},
  year={2011},
  organization={IEEE}
}
@comment{Wichtig für Kit Daten, Vorhersagen mit Markov Modellen und Day-Type-Modellen. 
		Grafiken (S.1338) sind gut für Übersicht über den Datensatz.}



@inproceedings{kolter2011redd,
  title={REDD: A public data set for energy disaggregation research},
  author={Kolter, J Zico and Johnson, Matthew J},
  booktitle={Workshop on Data Mining Applications in Sustainability (SIGKDD), San Diego, CA},
  volume={25},
  pages={59--62},
  year={2011},
  organization={Citeseer}
}
@comment{Recht großer Datensatz, 1-sec disaggregiert aber leider nicht segmentiert.
		Definition NILM (S.2) und Vorteile.}



@inproceedings{beckel2014eco,
  title={The eco data set and the performance of non-intrusive load monitoring algorithms},
  author={Beckel, Christian and Kleiminger, Wilhelm and Cicchetti, Romano and Staake, Thorsten and Santini, Silvia},
  booktitle={Proceedings of the 1st ACM Conference on Embedded Systems for Energy-Efficient Buildings},
  pages={80--89},
  year={2014},
  organization={ACM}
}
@comment{}



@article{zeifman2011nonintrusive,
  title={Nonintrusive appliance load monitoring: Review and outlook},
  author={Zeifman, Michael and Roth, Kurt},
  journal={IEEE Transactions on Consumer Electronics},
  pages={76--84},
  year={2011}
}
@comment{}