@comment Kategorisierung Architekturmuster
@book{buschmann,
  title={Pattern-orientierte Software-Architektur: ein Pattern-System},
  author={Buschmann, F.},
  isbn={9783827312822},
  series={Professionelle Softwareentwicklung},
  year={1998},
  publisher={Addison-Wesley}
}